%%%%%%%%%%%%%%%%%%%%%%%%%%%%%%%%%%%%%%%%%%%%%%%%%%%%%%%%%%%%%%%%%%%%%%%%
% This is a bibliography made using BibLaTeX.
%
% You can place entries in any order, and BibLaTeX will order them
% correctly, saving you time and trouble.  All you have to do is make
% sure your references here match up with the references in your main
% document.
%%%%%%%%%%%%%%%%%%%%%%%%%%%%%%%%%%%%%%%%%%%%%%%%%%%%%%%%%%%%%%%%%%%%%%%%
 
@online{ ASC2018regs,
		author = "American Solar Challenge",
		title = "2018 Regulations",
  		year = "[online], 2017",
  		url = "http://americansolarchallenge.org/ASC/wp-content/uploads/2016/08/ASC2018-Regs-External-Revision-A.pdf"
}

@online{ dampers,
  author = "Jim Kasprzak",
  title = "Understanding your Dampers: A guide from Jim Kasprzak",
  year = "[online], 2017",
  url = "http://www.kaztechnologies.com/wp-content/uploads/2014/03/A-Guide-To-Your-Dampers-Chapter-from-FSAE-Book-by-Jim-Kasprzak.pdf"
}
